<record><leader>00000cas a22000007a 4500</leader><controlfield tag="001">2627328</controlfield><controlfield tag="008">761216d1843186ualudr ne      0    0eng  </controlfield><datafield ind1=" " ind2=" " tag="010"><subfield code="a">sn 85025915 </subfield><subfield code="z">   76642733 </subfield></datafield><datafield ind1=" " ind2=" " tag="040"><subfield code="a">DLC</subfield><subfield code="b">eng</subfield><subfield code="c">DLC</subfield><subfield code="d">NPX</subfield><subfield code="d">DLC</subfield><subfield code="d">CPN</subfield><subfield code="d">YOX</subfield><subfield code="d">NVJ</subfield><subfield code="d">MGN</subfield><subfield code="d">NVF</subfield><subfield code="d">OCL</subfield><subfield code="d">OCLCQ</subfield><subfield code="d">OCLCF</subfield><subfield code="d">OCLCO</subfield></datafield><datafield ind1=" " ind2=" " tag="042"><subfield code="a">msc</subfield></datafield><datafield ind1=" " ind2=" " tag="043"><subfield code="a">n-us-al</subfield></datafield><datafield ind1="0" ind2="0" tag="050"><subfield code="a">Newspaper 7016</subfield></datafield><datafield ind1="0" ind2="0" tag="245"><subfield code="a">Mobile daily advertiser.</subfield></datafield><datafield ind1=" " ind2=" " tag="260"><subfield code="a">Mobile, Ala. :</subfield><subfield code="b">C.C. Langdon</subfield></datafield><datafield ind1=" " ind2=" " tag="300"><subfield code="a">v. :</subfield><subfield code="b">ill. (chiefly advertisements) ;</subfield><subfield code="c">63 cm.</subfield></datafield><datafield ind1=" " ind2=" " tag="310"><subfield code="a">Daily,</subfield><subfield code="b">Oct. 1, 1850-&lt;1861&gt;</subfield></datafield><datafield ind1=" " ind2=" " tag="321"><subfield code="a">Daily,</subfield><subfield code="b">&lt;Mar. 27, 1849&gt;-June 16, 1850</subfield></datafield><datafield ind1=" " ind2=" " tag="321"><subfield code="a">Triweekly,</subfield><subfield code="b">June 18, 1850-Sept. 28, 1850</subfield></datafield><datafield ind1="1" ind2=" " tag="362"><subfield code="a">Began in 1843; ceased in May 1861.</subfield></datafield><datafield ind1=" " ind2=" " tag="500"><subfield code="a">Whig, &lt;1852&gt;.</subfield></datafield><datafield ind1=" " ind2=" " tag="530"><subfield code="a">Also issued on microfilm from the University of Alabama; Bell &amp; Howell, Micro Photo Div.</subfield></datafield><datafield ind1=" " ind2=" " tag="588"><subfield code="a">Description based on: New ser. v. 1, no. 10 (Apr. 12, 1843) = old ser. v. 10.</subfield></datafield><datafield ind1=" " ind2="0" tag="651"><subfield code="a">Mobile (Ala.)</subfield><subfield code="v">Newspapers.</subfield></datafield><datafield ind1=" " ind2="7" tag="655"><subfield code="a">Newspapers.</subfield><subfield code="2">fast</subfield><subfield code="0">(OCoLC)fst01423814</subfield></datafield><datafield ind1=" " ind2="7" tag="651"><subfield code="a">Alabama</subfield><subfield code="z">Mobile.</subfield><subfield code="2">fast</subfield><subfield code="0">(OCoLC)fst01206367</subfield></datafield><datafield ind1=" " ind2=" " tag="752"><subfield code="a">United States</subfield><subfield code="b">Alabama</subfield><subfield code="c">Mobile</subfield><subfield code="d">Mobile.</subfield></datafield><datafield ind1="0" ind2=" " tag="775"><subfield code="t">Mobile advertiser, semi-weekly for the country</subfield><subfield code="w">(DLC)sn 86072254</subfield></datafield><datafield ind1="0" ind2=" " tag="775"><subfield code="t">Mobile weekly advertiser (Mobile, Ala. : 1852)</subfield><subfield code="w">(DLC)sn 84023532</subfield></datafield><datafield ind1="0" ind2="4" tag="780"><subfield code="t">Mobile chronicle</subfield><subfield code="w">(DLC)sn 93065628</subfield></datafield><datafield ind1="0" ind2="4" tag="780"><subfield code="t">Mobile daily advertiser &amp; chronicle</subfield><subfield code="w">(DLC)sn 84023537</subfield></datafield><datafield ind1="0" ind2="7" tag="785"><subfield code="t">Mobile daily register (Mobile, Ala. : 1849)</subfield><subfield code="w">(DLC)sn 84020567</subfield></datafield><datafield ind1="0" ind2="7" tag="785"><subfield code="t">Mobile advertiser and register</subfield><subfield code="w">(DLC)sn 84020066</subfield></datafield></record>